@Article{Nichol2021,
  author     = {Nichol, Alex and Dhariwal, Prafulla and Ramesh, Aditya and Shyam, Pranav and Mishkin, Pamela and McGrew, Bob and Sutskever ,Ilya and Chen, Mark},
  journal    = {CoRR},
  title      = {{GLIDE:} Towards Photorealistic Image Generation and Editing with Text-Guided Diffusion Models},
  year       = {2021},
  volume     = {abs/2112.10741},
  bibsource  = {dblp computer science bibliography, https://dblp.org},
  biburl     = {https://dblp.org/rec/journals/corr/abs-2112-10741.bib},
  comment    = {dt is de paper die ik ga herschrijven},
  eprint     = {2112.10741},
  eprinttype = {arXiv},
  file       = {GLIDE AI:Bronnen/2112.10741.pdf:PDF},
  timestamp  = {Tue, 04 Jan 2022 15:59:27 +0100},
  url        = {https://arxiv.org/abs/2112.10741},
}

@Article{Friedenthal2021,
  author  = {Friedenthal, Sanford and Dori, Dov and Mordecai, Yaniv},
  journal = {https://www.sebokwiki.org/wiki/What_is_a_Model%3F},
  title   = {What is a Model?},
  year    = {2021},
  comment = {word gebruikt om een model te beschrijven},
  file    = {:Bronnen/What is a Model_.pdf:PDF},
  url     = {https://www.sebokwiki.org/wiki/What_is_a_Model%3F},
}

@Article{Weng2021,
  author = {Weng, Lilian},
  title  = {What are Diffusion Models?},
  year   = {2021},
  url    = {https://lilianweng.github.io/posts/2021-07-11-diffusion-models/#forward-diffusion-process},
}

@InProceedings{RomeraParedes2015,
  author    = {Romera-Paredes, Bernardino and Torr, Philip},
  booktitle = {Proceedings of the 32nd International Conference on Machine Learning},
  title     = {An embarrassingly simple approach to zero-shot learning},
  year      = {2015},
  address   = {Lille, France},
  editor    = {Bach, Francis and Blei, David},
  pages     = {2152--2161},
  publisher = {PMLR},
  series    = {Proceedings of Machine Learning Research},
  volume    = {37},
  comment   = {ga ik miss gebruiken om zero shot uit teleggen 
zeker moeten lezen},
  pdf       = {http://proceedings.mlr.press/v37/romera-paredes15.pdf},
  url       = {https://proceedings.mlr.press/v37/romera-paredes15.html},
}

@Article{DBLP:journals/corr/abs-2105-05233,
  author     = {Dhariwal , Prafulla and Nichol, Alex},
  journal    = {CoRR},
  title      = {Diffusion Models Beat GANs on Image Synthesis},
  year       = {2021},
  volume     = {abs/2105.05233},
  bibsource  = {dblp computer science bibliography, https://dblp.org},
  biburl     = {https://dblp.org/rec/journals/corr/abs-2105-05233.bib},
  eprint     = {2105.05233},
  eprinttype = {arXiv},
  timestamp  = {Fri, 14 May 2021 12:13:30 +0200},
  url        = {https://arxiv.org/abs/2105.05233},
}

@Article{Joseph2019,
  author = {Joseph, RoccaJan},
  title  = {Understanding Generative Adversarial Networks (GANs)},
  year   = {2019},
  file   = {gans explaind:Bronnen/paper-2019-rocca_understandinggans.pdf:PDF},
  url    = {https://compart.uni-bremen.de/content/4-teaching/0-sommer-20/1-neural-networks-aesthetics/3-material/paper-2019-rocca_understandinggans.pdf},
}

@Article{HuR,
  author = {Hu R ,Lily and Xiong, Caiming and Socher, Richard},
  title  = {Zero-Shot Image Classification Guided by NaturalLanguage Descriptions of Classes: A Meta-LearningApproachï¿½},
  file   = {:Bronnen/28.pdf:PDF},
}

@Article{Ho2021,
  author = {Ho, Jonathan and Tim, Salimans},
  title  = {Classifier-Free Diffusion Guidance},
  year   = {2021},
  file   = {:Bronnen/classifier_free_diffusion_guid.pdf:PDF},
}

@Misc{Ramesh2022,
  author    = {Ramesh, Aditya and Dhariwal, Prafulla and Nichol, Alex and Chu, Casey and Chen, Mark},
  title     = {Hierarchical Text-Conditional Image Generation with CLIP Latents},
  year      = {2022},
  copyright = {Creative Commons Attribution 4.0 International},
  doi       = {10.48550/ARXIV.2204.06125},
  file      = {:Bronnen/dall-e-2-paper.pdf:PDF},
  keywords  = {Computer Vision and Pattern Recognition (cs.CV), FOS: Computer and information sciences, FOS: Computer and information sciences},
  publisher = {arXiv},
  url       = {https://arxiv.org/abs/2204.06125},
}

@Article{Weng2017,
  author  = {Weng, Lilian},
  journal = {lilianweng.github.io},
  title   = {From GAN to WGAN},
  year    = {2017},
  url     = {https://lilianweng.github.io/posts/2017-08-20-gan/},
}

@Article{Weng2018,
  author  = {Weng, Lilian},
  journal = {lilianweng.github.io},
  title   = {From Autoencoder to Beta-VAE},
  year    = {2018},
  url     = {https://lilianweng.github.io/posts/2018-08-12-vae/},
}

@Article{,
}

@Article{Radford2021,
  author        = {Alec Radford and Jong Wook Kim and Chris Hallacy and Aditya Ramesh and Gabriel Goh and Sandhini Agarwal and Girish Sastry and Amanda Askell and Pamela Mishkin and Jack Clark and Gretchen Krueger and Ilya Sutskever},
  journal       = {CoRR},
  title         = {Learning Transferable Visual Models From Natural Language Supervision},
  year          = {2021},
  volume        = {abs/2103.00020},
  archiveprefix = {arXiv},
  bibsource     = {dblp computer science bibliography, https://dblp.org},
  biburl        = {https://dblp.org/rec/journals/corr/abs-2103-00020.bib},
  eprint        = {2103.00020},
  timestamp     = {Thu, 04 Mar 2021 17:00:40 +0100},
  url           = {https://arxiv.org/abs/2103.00020},
}

@Comment{jabref-meta: databaseType:bibtex;}
